@Article{bejaninantemortem2019,
  title = {Antemortem volume loss mirrors TDP-43 staging in older adults with non-frontotemporal lobar degeneration},
  volume = {142},
  copyright = {All rights reserved},
  issn = {0006-8950},
  url = {https://academic.oup.com/brain/article/142/11/3621/5575257},
  doi = {10.1093/brain/awz277},
  abstract = {The specific effect of TDP-43 pathology on grey matter volume in individuals without frontotemporal lobar degeneration is unclear. Bejanin et al. reveal a major},
  language = {en},
  urldate = {2020-09-19},
  journal = {Brain},
  author = {Alexandre Bejanin and Melissa E. Murray and Peter Martin and Hugo Botha and Nirubol Tosakulwong and Christopher G. Schwarz and Matthew L. Senjem and Gael Ch{\a'e}telat and Kejal Kantarci and Clifford R. Jack and Bradley F. Boeve and David S. Knopman and Ronald C. Petersen and Caterina Giannini and Joseph E. Parisi and Dennis W. Dickson and Jennifer L. Whitwell and Keith A. Josephs},
  month = {nov},
  year = {2019},
  pages = {3621--3635},
  number = {11},
  note = {Publisher: Oxford Academic},
  pubtype = {2},
  date = {2019-01-01},
}
