@ARTICLE{Bejanin20193621,
author={Bejanin, A. and Murray, M.E. and Martin, P. and Botha, H. and Tosakulwong, N. and Schwarz, C.G. and Senjem, M.L. and ChÃ©telat, G. and Kantarci, K. and Jack, C.R., Jr. and Boeve, B.F. and Knopman, D.S. and Petersen, R.C. and Giannini, C. and Parisi, J.E. and Dickson, D.W. and Whitwell, J.L. and Josephs, K.A.},
title={Antemortem volume loss mirrors TDP-43 staging in older adults with non-frontotemporal lobar degeneration},
journal={Brain},
year={2019},
volume={142},
number={11},
pages={3621-3635},
doi={10.1093/brain/awz277},
note={cited By 4},
url={https://www.scopus.com/inward/record.uri?eid=2-s2.0-85074308193&doi=10.1093%2fbrain%2fawz277&partnerID=40&md5=39d75ca38e75d53093a05d99f6bdc6a1},
document_type={Article},
source={Scopus},
}