@Article{bothanonverbal2014,
  title = {Nonverbal oral apraxia in primary progressive aphasia and apraxia of speech},
  volume = {82},
  copyright = {All rights reserved},
  issn = {0028-3878, 1526-632X},
  url = {http://www.neurology.org/cgi/doi/10.1212/WNL.0000000000000412},
  doi = {10.1212/WNL.0000000000000412},
  language = {en},
  urldate = {2020-09-19},
  journal = {Neurology},
  author = {H. Botha and J. R. Duffy and E. A. Strand and M. M. Machulda and J. L. Whitwell and K. A. Josephs},
  month = {may},
  year = {2014},
  pages = {1729--1735},
  number = {19},
  pubtype = {2},
  date = {2014-01-01},
}
