@inproceedings{Botha_KI_2018,
	title = {{A novel FDG-PET based marker of TDP-43 and hippocampal sclerosis pathology}},
	eventtitle = {{24th Mayo-KI Annual Scientific Research Meeting}},
	author = {\emph{{Variability}}, Hugo},
	date = {2018},
	venue = {Rochester, {MN}, {USA}},
	type = Platform
}

@inproceedings{Botha_HAI_2018,
	title = {{FDG-PET in tau-negative amnestic dementia resembles that of autopsy proven hippocampal sclerosis}},
	eventtitle = {{Human Amyloid Imaging}},
	author = {{\bf {Botha}}, Hugo},
	date = {2018},
	venue = {Miami, {FL}, {USA}},
	type = Platform
}

@inproceedings{Botha_HAI_2019,
	title = {{Data-driven characterization of cross-sectional and longitudinal molecular imaging in aging and Alzheimer's disease}},
	eventtitle = {{Human Amyloid Imaging}},
	author = {{\bf Botha}, Hugo},
	date = {2019},
	venue = {Miami, {FL}, {USA}},
	type = Platform
}

@inproceedings{Botha_AAIC_2020,
	title = {{Disrupted brain dynamics across the Alzheimer's disease spectrum is related to tau accumulation}},
	eventtitle = {{Alzheimer's Association International Conference}},
	author = {{\bf Botha}, Hugo},
	date = {2020},
	venue = {Virtual, originally planned for Amsterdam, {NL}},
	type = Platform
}

@inproceedings{Botha_FTD_2014,
	title = {{Diffusion tensor imaging in primary progressive aphasia and apraxia of speech}},
	eventtitle = {{International Frontotemporal Dementia Conference}},
	author = {{\bf Botha}, Hugo},
	date = {2014},
	venue = {Vancouver, {BC}, {Canada}},
	type = Poster
}

@inproceedings{Botha_ANA_2015,
	title = {{Category Specific Imaging Correlates in Neurodegenerative Anomia}},
	eventtitle = {{American Neurologic Association Annual Meeting}},
	author = {{\bf Botha}, Hugo},
	date = {2015},
	venue = {Philadelphia, {PA}, {USA}},
	type = Poster
}

@inproceedings{Botha_REST_2016,
	title = {{Language network dysfunction in primary progressive apraxia of speech}},
	eventtitle = {{Fifth Biennial Conference on Resting-State and Brain Connectivity}},
	author = {{\bf Botha}, Hugo},
	date = {2016},
	venue = {Vienna, {Austria}},
	type = Poster
}


@inproceedings{Botha_AIC_2018,
	title = {{Variability in pDMN Connectivity and Relative Hubness in Amyloid-Negative Cognitively Normal Individuals Predicts Amyloid and Tau Deposition Patterns in Typical Alzheimer's Disease}},
	eventtitle = {{Alzheimer's Association International Conference}},
	author = {{\bf Botha}, Hugo},
	date = {2018},
	venue = {Chicago, {IL}, {USA}},
	type = Poster
}

@inproceedings{Botha_AIC_2019,
	title = {{Brain States and Tau PET Patterns Interact across the Aging-Alzheimer's Continuum}},
	eventtitle = {{Alzheimer's Association International Conference}},
	author = {{\bf Botha}, Hugo},
	date = {2019},
	venue = {Los Angeles, {CA}, {USA}},
	type = Poster
}

@inproceedings{Botha_ADRD_2019,
	title = {{Linking Brain States to Molecular Pathology across the Aging-Alzheimer's Continuum}},
	eventtitle = {{ADC Annual Conference}},
	author = {{\bf Botha}, Hugo},
	date = {2019},
	venue = {St Louis, {MO}, {USA}},
	type = Blitz-Poster
}

