@Article{bothateaching2014,
  title = {Teaching NeuroImages: Massive cerebral edema after CT myelography: An optical illusion},
  volume = {83},
  copyright = {All rights reserved},
  issn = {0028-3878, 1526-632X},
  url = {http://www.neurology.org/cgi/doi/10.1212/WNL.0000000000000946},
  doi = {10.1212/WNL.0000000000000946},
  language = {en},
  urldate = {2020-09-19},
  journal = {Neurology},
  author = {H. Botha and S. A. Moore and A. A. Rabinstein},
  month = {oct},
  year = {2014},
  pages = {e170--e170},
  number = {18},
  shorttitle = {Teaching NeuroImages},
  pubtype = {2},
  date = {2014-01-01},
}
