@Article{jackbivariate2019,
  title = {The bivariate distribution of amyloid-$\\beta$ and tau: relationship with established neurocognitive clinical syndromes},
  volume = {142},
  copyright = {All rights reserved},
  issn = {0006-8950},
  url = {https://academic.oup.com/brain/article/142/10/3230/5566420},
  doi = {10.1093/brain/awz268},
  abstract = {See Gordon and Tijms (doi:10.1093/brain/awz278) for a scientific commentary on this article.Jack et al. examine relationships between the bivariate distribution},
  language = {en},
  urldate = {2020-09-19},
  journal = {Brain},
  author = {Clifford R. Jack and Heather J. Wiste and Hugo Botha and Stephen D. Weigand and Terry M. Therneau and David S. Knopman and Jonathan Graff-Radford and David T. Jones and Tanis J. Ferman and Bradley F. Boeve and Kejal Kantarci and Val J. Lowe and Prashanthi Vemuri and Michelle M. Mielke and Julie A. Fields and Mary M. Machulda and Christopher G. Schwarz and Matthew L. Senjem and Jeffrey L. Gunter and Ronald C. Petersen},
  month = {oct},
  year = {2019},
  pages = {3230--3242},
  number = {10},
  note = {Publisher: Oxford Academic},
  shorttitle = {The bivariate distribution of amyloid-$\\beta$ and tau},
  pubtype = {2},
  date = {2019-01-01},
}
