@Article{whitwelllongitudinal2020,
  title = {Longitudinal Amyloid-$\\beta$ PET in Atypical Alzheimer\textquoterights Disease and Frontotemporal Lobar Degeneration},
  volume = {74},
  copyright = {All rights reserved},
  issn = {1387-2877},
  url = {https://content.iospress.com/articles/journal-of-alzheimers-disease/jad190699},
  doi = {10.3233/JAD-190699},
  abstract = {Background: Rates of amyloid-$\\beta$ (A$\\beta$) accumulation have been characterized across the cognitively normal to typical Alzheimer\textquoterights dementia spectrum, but little is known about A$\\beta$ accumulation in atypical Alzheimer\textquoterights disease (AD) and other neurodegenerativ},
  language = {en},
  urldate = {2020-09-19},
  journal = {Journal of Alzheimer's Disease},
  author = {Jennifer L. Whitwell and Nirubol Tosakulwong and Stephen D. Weigand and Jonathan Graff-Radford and Joseph R. Duffy and Heather M. Clark and Mary M. Machulda and Hugo Botha and Rene L. Utianski and Christopher G. Schwarz and Matthew L. Senjem and Edythe A. Strand and Nilufer Ertekin-Taner and Clifford R. {Jack Jr} and Val J. Lowe and Keith A. Josephs},
  month = {jan},
  year = {2020},
  pages = {377--389},
  number = {1},
  note = {Publisher: IOS Press},
  pubtype = {2},
  date = {2020-01-01},
}
