@Article{townleyprogressive2020,
  title = {Progressive dysexecutive syndrome due to Alzheimer\textquoterights disease: a description of 55 cases and comparison to other phenotypes},
  volume = {2},
  copyright = {All rights reserved},
  url = {https://academic.oup.com/braincomms/article/2/1/fcaa068/5847591},
  doi = {10.1093/braincomms/fcaa068},
  abstract = {We present a retrospective case series of 55 individuals presenting with a progressive dysexecutive syndrome with biomarker evidence of Alzheimer\textquoterights disease. Thi},
  language = {en},
  urldate = {2020-09-19},
  journal = {Brain Communications},
  author = {Ryan A. Townley and Jonathan Graff-Radford and William G. Mantyh and Hugo Botha and Angelina J. Polsinelli and Scott A. Przybelski and Mary M. Machulda and Ahmed T. Makhlouf and Matthew L. Senjem and Melissa E. Murray and Ross R. Reichard and Rodolfo Savica and Bradley F. Boeve and Daniel A. Drubach and Keith A. Josephs and David S. Knopman and Val J. Lowe and Clifford R. Jack and Ronald C. Petersen and David T. Jones},
  month = {jan},
  year = {2020},
  pages = {fcaa068},
  number = {1},
  note = {Publisher: Oxford Academic},
  shorttitle = {Progressive dysexecutive syndrome due to Alzheimer\textquoterights disease},
  pubtype = {2},
  date = {2020-01-01},
}
