@Article{bothanovel2017,
  title = {Novel GRN mutation presenting as an aphasic dementia and evolving into corticobasal syndrome},
  volume = {3},
  copyright = {All rights reserved},
  issn = {2376-7839},
  url = {http://ng.neurology.org/lookup/doi/10.1212/NXG.0000000000000201},
  doi = {10.1212/NXG.0000000000000201},
  language = {en},
  urldate = {2020-09-19},
  journal = {Neurology Genetics},
  author = {Hugo Botha and NiCole A. Finch and Ralitza H. Gavrilova and Mary M. Machulda and Julie A. Fields and Val J. Lowe and Ronald C. Petersen and Clifford R. Jack and Christina M. Dheel and Debra J. Gearhart and David S. Knopman and Rosa Rademakers and Bradley F. Boeve},
  month = {dec},
  year = {2017},
  pages = {e201},
  number = {6},
  pubtype = {2},
  date = {2017-01-01},
}
