@Article{utianskirapid2018,
  title = {Rapid rate on quasi-speech tasks in the semantic variant of primary progressive aphasia: A non-motor phenomenon?},
  volume = {144},
  copyright = {All rights reserved},
  issn = {0001-4966},
  url = {https://asa.scitation.org/doi/abs/10.1121/1.5082210},
  doi = {10.1121/1.5082210},
  urldate = {2020-09-19},
  journal = {The Journal of the Acoustical Society of America},
  author = {Rene L. Utianski and Hugo Botha and Joseph R. Duffy and Heather M. Clark and Peter R. Martin and Alissa M. Butts and Mary M. Machulda and Jennifer L. Whitwell and Keith A. Josephs},
  month = {dec},
  year = {2018},
  pages = {3364--3370},
  number = {6},
  note = {Publisher: Acoustical Society of America},
  shorttitle = {Rapid rate on quasi-speech tasks in the semantic variant of primary progressive aphasia},
  pubtype = {2},
  date = {2018-01-01},
}
