@article{van2011issues,
  title={{Issues of Discourse: Exploring Mixed Messages in the Interests of Collaboration.}},
  author={Van Schalkwyk, S and Bezuidenhout, J and {\bf Botha}, H and Van Schalkwyk, G},
  year={2011},
  publisher={Across the Disciplines: e-pub.}
}