@article{botha2012attention,
  title={Attention and visual dysfunction in Parkinson's disease},
  author={Botha, Hugo and Carr, Jonathan},
  journal={Parkinsonism \& Related Disorders},
  volume={18},
  number={6},
  pages={742--747},
  year={2012},
  publisher={Elsevier}
}

@article{van2012comparison,
  title={Comparison of 2 dementia screeners, the test your memory test and the mini-mental state examination, in a primary care setting},
  author={van Schalkwyk, Gerrit and Botha, Hugo and Seedat, Soraya},
  journal={Journal of geriatric psychiatry and neurology},
  volume={25},
  number={2},
  pages={85--88},
  year={2012},
  publisher={Sage Publications}
}

@article{van2011issues,
  title={Issues of Discourse: Exploring Mixed Messages in the Interests of Collaboration.},
  author={Van Schalkwyk, S and Bezuidenhout, J and Botha, H and Van Schalkwyk, G},
  year={2011},
  publisher={Across the Disciplines: e-pub.}
}

@article{botha2012reliability,
  title={Reliability and diagnostic performance of CT imaging criteria in the diagnosis of tuberculous meningitis},
  author={Botha, Hugo and Ackerman, Christelle and Candy, Sally and Carr, Jonathan A and Griffith-Richards, Stephanie and Bateman, Kathleen J},
  journal={PloS one},
  volume={7},
  number={6},
  pages={e38982},
  year={2012},
  publisher={Public Library of Science}
}

@article{botha2011discourse,
  title={Discourse of final-year medical students during clinical case presentations},
  author={{\bf Botha}, Hugo and van Schalkwyk, Gerrit Ian and Bezuidenhout, Juanita and Van Schalkwyk, Susan C},
  journal={African Journal of Health Professions Education},
  volume={3},
  number={1},
  pages={3--6},
  year={2011}
}

@article{botha2014pimple,
  title={The pimple sign of progressive supranuclear palsy syndrome},
  author={{\bf Botha}, Hugo and Whitwell, Jennifer L and Madhaven, Ajay and Senjem, Matthew L and Lowe, Val and Josephs, Keith A},
  journal={Parkinsonism \& related disorders},
  volume={20},
  number={2},
  pages={180--185},
  year={2014},
  publisher={Elsevier}
}