@Article{martinezthompsonclinical2014,
  title = {Clinical Reasoning: A woman with subacute progressive confusion and gait instability},
  volume = {83},
  copyright = {All rights reserved},
  issn = {0028-3878, 1526-632X},
  url = {http://www.neurology.org/cgi/doi/10.1212/WNL.0000000000000648},
  doi = {10.1212/WNL.0000000000000648},
  language = {en},
  urldate = {2020-09-19},
  journal = {Neurology},
  author = {J. M. Martinez-Thompson and H. Botha and B. S. Katz},
  month = {jul},
  year = {2014},
  pages = {e62--e67},
  number = {5},
  shorttitle = {Clinical Reasoning},
  pubtype = {2},
  date = {2014-01-01},
}
