@Article{tetzloffprogressive2019,
  title = {Progressive agrammatic aphasia without apraxia of speech as a distinct syndrome},
  volume = {142},
  copyright = {All rights reserved},
  issn = {0006-8950},
  url = {https://academic.oup.com/brain/article/142/8/2466/5519088},
  doi = {10.1093/brain/awz157},
  abstract = {Tetzloff et al. demonstrate that patients who present with agrammatic aphasia without apraxia of speech have a different clinical disease course and different u},
  language = {en},
  urldate = {2020-09-19},
  journal = {Brain},
  author = {Katerina A. Tetzloff and Joseph R. Duffy and Heather M. Clark and Rene L. Utianski and Edythe A. Strand and Mary M. Machulda and Hugo Botha and Peter R. Martin and Christopher G. Schwarz and Matthew L. Senjem and Robert I. Reid and Jeffrey L. Gunter and Anthony J. Spychalla and David S. Knopman and Ronald C. Petersen and Clifford R. Jack and Val J. Lowe and Keith A. Josephs and Jennifer L. Whitwell},
  month = {aug},
  year = {2019},
  pages = {2466--2482},
  number = {8},
  note = {Publisher: Oxford Academic},
  pubtype = {2},
  date = {2019-01-01},
}
