@Article{bothaprimary2019,
  title = {Primary Progressive Aphasias and Apraxia of Speech:},
  volume = {25},
  copyright = {All rights reserved},
  issn = {1080-2371},
  url = {http://journals.lww.com/00132979-201902000-00008},
  doi = {10.1212/CON.0000000000000699},
  language = {en},
  urldate = {2020-09-19},
  journal = {CONTINUUM: Lifelong Learning in Neurology},
  author = {Hugo Botha and Keith A. Josephs},
  month = {feb},
  year = {2019},
  pages = {101--127},
  number = {1},
  shorttitle = {Primary Progressive Aphasias and Apraxia of Speech},
  pubtype = {2},
  date = {2019-01-01},
}
