@Article{bothafdgpet2018,
  title = {FDG-PET in tau-negative amnestic dementia resembles that of autopsy-proven hippocampal sclerosis},
  volume = {141},
  copyright = {All rights reserved},
  issn = {0006-8950},
  url = {https://academic.oup.com/brain/article/141/4/1201/4929906},
  doi = {10.1093/brain/awy049},
  abstract = {See Gordon (doi:10.1093/brain/awy052) for a scientific commentary on this article.There are no antemortem markers of hippocampal sclerosis of ageing. Botha et a},
  language = {en},
  urldate = {2020-09-19},
  journal = {Brain},
  author = {Hugo Botha and William G. Mantyh and Melissa E. Murray and David S. Knopman and Scott A. Przybelski and Heather J. Wiste and Jonathan Graff-Radford and Keith A. Josephs and Christopher G. Schwarz and Walter K. Kremers and Bradley F. Boeve and Ronald C. Petersen and Mary M. Machulda and Joseph E. Parisi and Dennis W. Dickson and Val Lowe and Clifford R. Jack and David T. Jones},
  month = {apr},
  year = {2018},
  pages = {1201--1217},
  number = {4},
  note = {Publisher: Oxford Academic},
  pubtype = {2},
  date = {2018-01-01},
}
