@Article{yostfacial2017,
  title = {Facial diplegia after pembrolizumab treatment},
  volume = {56},
  copyright = {All rights reserved},
  issn = {1097-4598},
  doi = {10.1002/mus.25663},
  language = {eng},
  journal = {Muscle \\& Nerve},
  author = {Micah D. Yost and Claudia Z. Chou and Hugo Botha and Matthew S. Block and Teerin Liewluck},
  year = {2017},
  keywords = {Antibodies, Monoclonal, Humanized, Antineoplastic Agents, Immunological, Facial Paralysis, Humans, Male, Middle Aged},
  pages = {E20--E21},
  number = {3},
  pmid = {28398689},
  pubtype = {2},
  date = {2017-01-01},
}
